@book{latex,
  title = {LaTeX : A Documentation Preparation System User's Guide and Reference Manual},
  publisher = {Addison-Wesley Professional},
  year = {1994},
  author = {Leslie Lamport}
}

@misc{haecker,
author = {Haecker, Robert},
title = {Design of an OC-based Method for efficient Synchronization of L4 Fiasco.OC Mircrokernel Tasks},
  howpublished = {Bacherlor Thesis},
 school =  "Technische Universit채t M체nchen",
 year = 2015,
}


@misc{hauner,
author = {Hauner, Valentin},
title = {Extension of the Fiasco.OC microkernel with context-sensitive
scheduling abilities for safety-critical applications in embedded systems},
  howpublished = {Bacherlor Thesis},
 school =  "Technische Universit채t M체nchen",
 year = 2014,
}