@article{atom,
  author = 	"Niels Bohr",
  title =	"On the Constitution of Atoms and Molecules",
  journal =	"Philosophical Magazine", 
  month = 	"January",
  year = 	1913,
  note = {\href{http://web.ihep.su/dbserv/compas/src/bohr13b/eng.pdf}{web.ihep.su} {[Online; Accessed: 22-06-2015]}},
}


@MISC{father,
   author =       {Finn Aaserud},
   title =        {Niels Henrik David Bohr},
   editor =       {http://www.britannica.com/},
   note = {\href{http://www.britannica.com/biography/Niels-Bohr#toc280691}{britannica.com} {[Online; Accessed: 22-09-2015]}},
 }

@MISC{mother,
   author =       {J J O'Connor, E F Robertson},
   title =        {Niels Bohr},
   editor =       {http://www.jewishvirtuallibrary.org/},
   note = {\href{https://www.jewishvirtuallibrary.org/jsource/biography/Bohr.html}{jewishvirtuallibrary.org} {[Online; Accessed: 22-09-2015]}},
 }

@MISC{brother,
   author =       {James Dart},
   title =        {National service for footballers},
   editor =       {http://www.theguardian.com},
   note = {\href{http://www.theguardian.com/football/2005/jul/27/theknowledge.panathinaikos}{www.theguardian.com} {[Online; Accessed: 22-09-2015]}},
 }

@MISC{kennedy,
   author =       {J J O'Connor and E F Robertson},
   title =        {Niels Henrik David Bohr},
   editor =       {School of Mathematics and Statistics University of St Andrews, Scotland},
   note = {\href{http://www-groups.dcs.st-and.ac.uk/~history/Biographies/Bohr_Niels.html} {www-groups.dcs.st-and.ac.uk} {[Online; Accessed: 22-09-2015]}},
 }

@MISC{physics,
   author =       {},
   title =        {The Nobel Prize in Physics 1922},
   editor =       {The Nobel Foundation},
   year =         {2014},
   note = {\href {http://www.nobelprize.org/nobel_prizes/physics/laureates/1922/}{www.nobelprize.org} {[Nobel Media AB 2014. Web. 27 Sep 2015]}},
 }2014

@MISC{archives,
   author =       {},
   title =        { Archive},
   editor =       {nba},
   year = {2014},
   note = {\href {http://www.nba.nbi.dk/} {http://www.nba.nbi.dk/} {[Online; Accessed: 22-09-2015]}},
 }
@MISC{student,
   author =       {},
   title =        {Life as a student},
   editor =       {Niels Bohr Institute},
   note = {\href {http://www.nbi.ku.dk/english/www/niels/bohr/universitetet/} {www.nbi.ku.dk} {[Online; Accessed: 22-09-2015]}},
 }

@MISC{model,
   author =       {},
   title =        {Bohrâ€™s atomic model},
   editor =       {Niels Bohr Institute},
   note = {\href {http://www.nbi.ku.dk/english/www/niels/bohr/bohratomet/} {www.nbi.ku.dk} {[Online; Accessed: 22-09-2015]}},
 }

@MISC{insti,
   author =       {},
   title =        {Niels Bohr Institute},
   editor =       {Niels Bohr Institute},
   note = {\href {http://www.nbi.ku.dk/english/www/niels/bohr/institutet/} {www.nbi.ku.dk} {[Online; Accessed: 22-09-2015]}},
 }

@MISC{prize,
   author =       {},
   title =        {The Nobel Prize},
   editor =       {Niels Bohr Institute},
   note = {\href {http://www.nbi.ku.dk/english/www/niels/bohr/nobelprisen/} {www.nbi.ku.dk} {[Online; Accessed: 22-09-2015]}},
 }

@MISC{war,
   author =       {},
   title =        {Nuclear physics and war},
   editor =       {Niels Bohr Institute},
   note = {\href {http://www.nbi.ku.dk/english/www/niels/bohr/kernefysik/} {www.nbi.ku.dk} {[Online; Accessed: 22-09-2015]}},
 }

@MISC{final,
   author =       {},
   title =        {The final years},
   editor =       {Niels Bohr Institute},
   note = {\href {http://www.nbi.ku.dk/english/www/niels/bohr/de_sidste_aar/} {www.nbi.ku.dk} {[Online; Accessed: 22-09-2015]}},
 }
@MISC{debate,
   author =       {},
   title =        {THE BOHR-EINSTEIN DEBATES},
   editor =       {Andrew Boyd},
   note = {\href {http://www.uh.edu/engines/epi2627.htm} {www.uh.edu} {[Online; Accessed: 22-09-2015]}},
 }

@MISC{bomb,
   author =       {},
   title =        {Niles Bohr - THE ATOMIC BOMB AND BEYOND},
   editor =       {Doug Long},
   note = {\href {http://www.doug-long.com/bohr.htm} {www.doug-long.com} {[Online; Accessed: 22-09-2015]}},
 }

@MISC{bomb2,
   author =       {},
   title =        {Niles Bohr - THE ATOMIC BOMB AND BEYOND},
   editor =       {Doug Long},
   note = {\href {http://www.hurdan.com/sentence/robert-oppenheimer-credited-niels-bohr-with-acting/7725893d-a4dd-41e5-97f2-5683ea261325?t=robert+oppenheimer#sentence} {www.hurdan.com	} {[Online; Accessed: 27-09-2015]}},
 }

@MISC{life2,
   author =       {CharlNiels Bohr Institutees Scribner},
   title =        {Bohr, Niels Henrik David},
   editor =       {},
   note = {\href {http://www.encyclopedia.com/topic/Niels_Henrik_David_Bohr.aspx#1-1G2:2830900505-full} {www.encyclopedia.com} {[Online; Accessed: 22-09-2015]}},
 }
@MISC{drama,
   author =       {Michael Frayn},
   title =        {Copenhagen},
   editor =       {Complete review},
   note = {\href {http://www.complete-review.com/reviews/fraynm/cophagen.htm} {complete-review.com} {[Online; Accessed: 22-09-2015]}},
 }

@MISC{letter,
   author =       {J.H. Schultz Forlag},
   title =        {Open Letter to the United Nations},
   editor =       {www.atomicarchive.com},
   note = {\href {http://www.atomicarchive.com/Docs/Deterrence/BohrUN.shtml} {ww.atomicarchive.com} {[Online; Accessed: 25-09-2015]}},
 }

@MISC{atheist,
   author =       {},
   title =        {The religions and political views of the influentials},
   editor =       {hollowverse.com},
   note = {\href {http://hollowverse.com/niels-bohr/#footnote_5_9663} {hollowverse.com} {[Online; Accessed: 25-09-2015]}},
 }


@MISC{hafnium,
   author =       {Henry Rzepa},
   title =        {hafnium and Niels Bohr},
   editor =       {},
   note = {\href {http://www.ch.imperial.ac.uk/rzepa/blog/?p=4304} {www.ch.imperial.ac.uk} {[Online; Accessed: 25-09-2015]}},
 }

@inbook{phil,
  author={Gary Tibbetts},
  year= 2013, 
  chapter={Niles Bohr},  
  title= {How the great scientists reasoned}, 
  publisher= {Elsevier},
  address= {}, 
}

@inbook{atommodel,
  author={John Gribbin, Mary Gribbin},
  year= 2000, 
  chapter={Niles Bohr},  
  title= {Q for quantum}, 
  publisher= {touchstone},
  address= {Newyork}, 
}

@inbook{gary,
  author={Gary Tibbetts},
  year= 2013, 
  chapter={Niles Bohr},  
  title= {How the great scientists reasoned}, 
  publisher= {Elsevier},
  address= {}, 
}

@inbook{life,
  author={Jim Ottaviani, Leland Purvis},
  year= 2004, 
  title= {Suspended in Language},
}

@inbook{symposium,
  author={Herman Feshbach, Tetsuo Matsui, Alexandra Oleson},
  year= 2013, 
  chapter={},  
  title= {Niels Bohr: Physics and the World}, 
  publisher= {Routledge},
  address= {New York}, 
}

@inbook{bohratwork,
  author={Paul McEvoy},
  year= 2001, 
  chapter={Bohr at work},  
  title= {Niels Bohr: Reflections on Subject and Object}, 
  publisher= {},
  address= {}, 
}

@inbook{phyphil,
  author={D. R. Murdoch},
  year= 1987, 
  chapter={Bohr at work},  
  title= {Niels Bohr's Philosophy of Physics}, 
  publisher= {Cambridge University Press},
  address= {Cambridge}, 
}
@inbook{kragh,
  author={Helge Kragh},
  year= 1987, 
  chapter={},  
  title= {Niels Bohr and the Quantum Atom}, 
  publisher= {Oxford University Press},
  address= {Oxford},
  pages   = "543--501", 
}
@inbook{love,
  author={Finn Aaserud, John L. Heilbron},
  year= 2013, 
  chapter={Niels in Cambridge},  
  title= {Love, Literature and the Quantum Atom: Niels Bohr's 1913 Trilogy Revisited}, 
  publisher= {Oxford University Press},
  address= {Oxford}, 
  pages   = "26--27",
}

@inbook{hoffding,
  author={Jan Faye},
  year= 1991, 
  chapter={Harald Hoffding: His life and thought},  
  title= {Niels Bohr: His Heritage and Legacy}, 
  publisher= {Springer},
  address= {}, 
}

@inbook{hilberg,
  author={Raul Hilberg},
  year= 2003, 
  chapter={},  
  title= {The Destruction of the European Jews}, 
  publisher= {Vail-Ballou press},
  address= {},
  pages   = "543--501", 
}





