@misc{SDSL2,
author = {Gog, Simon},
title = {SDSL 2.0},
  howpublished = {\url{https://github.com/simongog/sdsl-lite}},
  note = {Accessed: 2014-07-10}
}
@misc{WinNT,
  
}

@misc{haecker,
author = {Haecker, Robert},
title = {Design of an OC-based Method for efficient Synchronization of L4 Fiasco.OC Mircrokernel Tasks},
  howpublished = {Bacherlor Thesis},
 school =  "Technische Universität München",
 year = 2015,
}


@misc{hauner,
author = {Hauner, Valentin},
title = {Extension of the Fiasco.OC microkernel with context-sensitive
scheduling abilities for safety-critical applications in embedded systems},
  howpublished = {Bacherlor Thesis},
 school =  "Technische Universität München",
 year = 2014,
}


@Dissertation{haecker,
  title = "Design of an OC-based Method for efficient Synchronization of L4 Fiasco.OC Mircrokernel Tasks",
  author =  "Robert Haecker",
  year =  "2015",
  school =  "Technische Universität München",
}

@InProceedings{Arroyuelo_Canovas,
  title =        "Succinct Trees in Practice",
  author =        "Diego Arroyuelo and Rodrigo C{\'a}novas and Gonzalo
    Navarro and Kunihiko Sadakane",
  bibdate =        "2010-09-03",
  bibsource =        "DBLP,
  http://dblp.uni-trier.de/db/conf/alenex/alenex2010.html#ArroyueloCNS10",
  booktitle =        "ALENEX",
  booktitle =        "Proceedings of the Twelfth Workshop on Algorithm
    Engineering and Experiments, {ALENEX} 2010, Austin,
  Texas, {USA}, January 16, 2010",
  publisher =        "SIAM",
  year =         "2010",
  editor =        "Guy E. Blelloch and Dan Halperin",
  ISBN =         "978-0-898719-31-4",
  pages =        "84--97",
} 

@InProceedings{Sadakane,
  author =  "Kunihiko Sadakane",
  title = "Succinct Representations of lcp Information and
     Improvements in the Compressed Suffix Arrays",
  pages = "225--232",
  booktitle = "Proceedings of the 13th Annual {ACM}-{SIAM} Symposium
     On Discrete Mathematics ({SODA}-02)",
  month = jan # " ~6--8",
  publisher = "ACM Press",
  address = "New York",
  year =  "2002",
}

@Article{Grossi_Ottaviano,
  title =        "Fast Compressed Tries through Path Decompositions",
  author =        "Roberto Grossi and Giuseppe Ottaviano",
  journal =        "CoRR",
  year =         "2011",
  volume =        "abs/1111.5220",
  bibdate =        "2011-12-05",
  bibsource =        "DBLP,
  http://dblp.uni-trier.de/db/journals/corr/corr1111.html#abs-1111-5220",
  URL =          "http://arxiv.org/abs/1111.5220",
}

@InProceedings{Sadakane_Navarro,
  title =        "Fully-Functional Succinct Trees",
  author =        "Kunihiko Sadakane and Gonzalo Navarro",
  bibdate =        "2012-12-07",
  bibsource =        "DBLP,
  http://dblp.uni-trier.de/db/conf/soda/soda2010.html#SadakaneN10",
  booktitle =        "SODA",
  booktitle =        "Proceedings of the Twenty-First Annual {ACM}-{SIAM}
Symposium on Discrete Algorithms, {SODA} 2010, Austin,
          Texas, {USA}, January 17-19, 2010",
          publisher =        "SIAM",
          year =         "2010",
          editor =        "Moses Charikar",
          pages =        "134--149",
          URL =          "http://dl.acm.org/citation.cfm?id=1873601",
}

@Article{Navarro_Sadakane,
  title =        "Fully-Functional Static and Dynamic Succinct Trees",
  author =        "Kunihiko Sadakane and Gonzalo Navarro",
  journal =        "CoRR",
  year =         "2009",
  volume =        "abs/0905.0768",
  bibdate =        "2011-12-05",
  bibsource =        "DBLP,
  http://dblp.uni-trier.de/db/journals/corr/corr0905.html#abs-0905-0768",
  URL =          "http://arxiv.org/abs/0905.0768",
}

@Article{Fischer,
  title =        "Optimal Succinctness for Range Minimum Queries",
  author =        "Johannes Fischer",
  journal =        "CoRR",
  year =         "2008",
  volume =        "abs/0812.2775",
  bibdate =        "2012-10-10",
  bibsource =        "DBLP,
  http://dblp.uni-trier.de/db/journals/corr/corr0812.html#abs-0812-2775",
  URL =          "http://arxiv.org/abs/0812.2775",
}


@InProceedings{Li_Moon,
  author =  "Quanzhong Li and Bongki Moon",
  title = "Indexing and Querying {XML} Data for Regular Path
     Expressions",
  booktitle = "The {VLDB} Journal",
  year =  "2001",
  pages = "361--370",
  groups =  "XPathSortElim",
  URL =   "citeseer.nj.nec.com/li01indexing.html",
}

@InProceedings{Graefe,
  title = "{B}-tree indexes, interpolation search, and skew",
  author =  "Goetz Graefe",
  bibdate = "2006-07-24",
  bibsource = "DBLP,
     http://dblp.uni-trier.de/db/conf/damon/damon2006.html#Graefe06",
  booktitle = "DaMoN",
  booktitle = "Workshop on Data Management on New Hardware, DaMo{N}
     2006, Chicago, Illinois, {USA}, June 25, 2006",
  publisher = "ACM",
  year =  "2006",
  editor =  "Anastassia Ailamaki and Peter A. Boncz and Stefan
     Manegold",
  ISBN =  "1-59593-466-9",
  pages = "5",
  URL =   "http://doi.acm.org/10.1145/1140402.1140409",
}

@Dissertation{Ottaviano_PhD,
  title = "Space-Efficient Data Structures for Collections of
     Textual Data",
  author =  "Giuseppe Ottaviano",
  year =  "2013",
  month = may # "~30",
  abstract =  ".",
  bibsource = "OAI-PMH server at etd.adm.unipi.it",
  contributor =  "Prof. Roberto Grossi",
  language =  "it",
  oai =   "oai:etd.adm.unipi.it:etd-05232013-000551",
  rights =  "info:eu-repo/semantics/openAccess",
  school =  "Pisa University",
  subject = "INF/01",
  URL =   "http://etd.adm.unipi.it/theses/available/etd-05232013-000551/",
}

@Misc{Zhou_Andersen,
  title = "Space-Efficient, High-Performance Rank \& Select
     Structures on Uncompressed Bit Sequences",
  author =  "Dong Zhou and David G. Andersen and Michael Kaminsky",
  year =  "2013",
  month = jul # "~31",
  abstract =  "",
  annote =  "The Pennsylvania State University CiteSeerX Archives",
  bibsource = "OAI-PMH server at citeseerx.ist.psu.edu",
  language =  "en",
  oai =   "oai:CiteSeerX.psu:10.1.1.308.25",
  rights =  "Metadata may be used without restrictions as long as
     the oai identifier remains attached to it.",
  URL =   "http://citeseerx.ist.psu.edu/viewdoc/summary?doi=10.1.1.308.25;
     http://www.cs.cmu.edu/~dga/papers/zhou-sea2013.pdf",
}

@InProceedings{Landra_Pedreira,
  title = "Exploiting {SIMD} Instructions in Current Processors
     to Improve Classical String Algorithms",
  author =  "Susana Ladra and Oscar Pedreira and Jos{\'e} Duato and
     Nieves R. Brisaboa",
  bibdate = "2012-09-17",
  bibsource = "DBLP,
     http://dblp.uni-trier.de/db/conf/adbis/adbis2012.html#LadraPDB12",
  booktitle = "ADBIS",
  booktitle = "Advances in Databases and Information Systems - 16th
     East European Conference, {ADBIS} 2012, Pozna{\'n},
     Poland, September 18-21, 2012. Proceedings",
  publisher = "Springer",
  year =  "2012",
  volume =  "7503",
  editor =  "Tadeusz Morzy and Theo H{\"a}rder and Robert Wrembel",
  ISBN =  "978-3-642-33073-5",
  pages = "254--267",
  series =  "Lecture Notes in Computer Science",
  URL =   "http://dx.doi.org/10.1007/978-3-642-33074-2",
}

@inproceedings{Ordpath,
  title={ORDPATHs: insert-friendly XML node labels},
  author={O'Neil, Patrick and O'Neil, Elizabeth and Pal, Shankar and Cseri, Istvan and Schaller, Gideon and Westbury, Nigel},
  booktitle={Proceedings of the 2004 ACM SIGMOD international conference on Management of data},
  pages={903--908},
  year={2004},
  organization={ACM}
}

@inproceedings{DeltaNI,
  title={DeltaNI: An efficient labeling scheme for versioned hierarchical data},
  author={Finis, Jan and Brunel, Robert and Kemper, Alfons and Neumann, Thomas and F{\"a}rber, Franz and May, Norman},
  booktitle={Proceedings of the 2013 international conference on Management of data},
  pages={905--916},
  year={2013},
  organization={ACM}
}

%%%%%%%%%%%%%%%%%%%%%%%%%%%%%%%%%%%%%%%%%%%%%%%
%%%%%%%%%%%%%%%%%%%%%%%%%%%%%%%%%%%%%%%%%%%%%%%
%%%%%%%%%%%%%%%%%%%%%%%%%%%%%%%%%%%%%%%%%%%%%%%
% Static trees

@inproceedings{Jacobson,
  title={Space-efficient static trees and graphs},
  author={Jacobson, Guy},
  booktitle={Foundations of Computer Science, 1989., 30th Annual Symposium on},
  pages={549--554},
  year={1989},
  organization={IEEE}
}


@InProceedings{Munro_Raman,
  author =        "Munro and Raman",
  title =        "Succinct Representation of Balanced Parentheses,
  Static Trees and Planar Graphs",
  booktitle =        "FOCS: IEEE Symposium on Foundations of Computer
    Science (FOCS)",
  year =         "1997",
}

@article{Munro_Rao,
  title={Space efficient suffix trees},
  author={Munro, J Ian and Raman, Venkatesh and Rao, S Srinivasa},
  journal={Journal of Algorithms},
  volume={39},
  number={2},
  pages={205--222},
  year={2001},
  publisher={Elsevier}
}

@incollection{Munro_Rao2,
  title={Succinct representations of functions},
  author={Munro, J Ian and Rao, S Srinivasa},
  booktitle={Automata, Languages and Programming},
  pages={1006--1015},
  year={2004},
  publisher={Springer}
}

@article{Geary,
  title={A simple optimal representation for balanced parentheses},
  author={Geary, Richard F and Rahman, Naila and Raman, Rajeev and Raman, Venkatesh},
  journal={Theoretical Computer Science},
  volume={368},
  number={3},
  pages={231--246},
  year={2006},
  publisher={Elsevier}
}

@article{Geary2,
  title={Succinct ordinal trees with level-ancestor queries},
  author={Geary, Richard F and Raman, Rajeev and Raman, Venkatesh},
  journal={ACM Transactions on Algorithms (TALG)},
  volume={2},
  number={4},
  pages={510--534},
  year={2006},
  publisher={ACM}
}

@article{Benoit,
  title={Representing trees of higher degree},
  author={Benoit, David and Demaine, Erik D and Munro, J Ian and Raman, Rajeev and Raman, Venkatesh and Rao, S Srinivasa},
  journal={Algorithmica},
  volume={43},
  number={4},
  pages={275--292},
  year={2005},
  publisher={Springer}
}

@inproceedings{Ferragina,
  title={Structuring labeled trees for optimal succinctness, and beyond},
  author={Ferragina, Paolo and Luccio, Fabrizio and Manzini, Giovanni and Muthukrishnan, S},
  booktitle={Foundations of Computer Science, 2005. FOCS 2005. 46th Annual IEEE Symposium on},
  pages={184--193},
  year={2005},
  organization={IEEE}
}

@article{Chiang,
  title={Orderly spanning trees with applications},
  author={Chiang, Yi-Ting and Lin, Ching-Chi and Lu, Hsueh-I},
  journal={SIAM Journal on Computing},
  volume={34},
  number={4},
  pages={924--945},
  year={2005},
  publisher={SIAM}
}

@article{Lu,
  title={Balanced parentheses strike back},
  author={Lu, Hsueh-I and Yeh, Chia-Chi},
  journal={ACM Transactions on Algorithms (TALG)},
  volume={4},
  number={3},
  pages={28},
  year={2008},
  publisher={ACM}
}

@incollection{He,
  title={Succinct ordinal trees based on tree covering},
  author={He, Meng and Munro, J Ian and Rao, S Srinivasa},
  booktitle={Automata, Languages and Programming},
  pages={509--520},
  year={2007},
  publisher={Springer}
}

@inproceedings{Barbay,
  title={Succinct indexes for strings, binary relations and multi-labeled trees},
  author={Barbay, J{\'e}r{\'e}my and He, Meng and Munro, J Ian and Rao, S Srinivasa},
  booktitle={Proceedings of the eighteenth annual ACM-SIAM symposium on Discrete algorithms},
  pages={680--689},
  year={2007},
  organization={Society for Industrial and Applied Mathematics}
}

@incollection{Golynski,
  title={On the size of succinct indices},
  author={Golynski, Alexander and Grossi, Roberto and Gupta, Ankur and Raman, Rajeev and Rao, Satti Srinivasa},
  booktitle={Algorithms--ESA 2007},
  pages={371--382},
  year={2007},
  publisher={Springer}
}

@article{Sadakane2,
  title={Compressed suffix trees with full functionality},
  author={Sadakane, Kunihiko},
  journal={Theory of Computing Systems},
  volume={41},
  number={4},
  pages={589--607},
  year={2007},
  publisher={Springer}
}

@inproceedings{Jansson,
  title={Ultra-succinct representation of ordered trees},
  author={Jansson, Jesper and Sadakane, Kunihiko and Sung, Wing-Kin},
  booktitle={Proceedings of the eighteenth annual ACM-SIAM symposium on Discrete algorithms},
  pages={575--584},
  year={2007},
  organization={Society for Industrial and Applied Mathematics}
}

@incollection{Farzan,
  title={A uniform approach towards succinct representation of trees},
  author={Farzan, Arash and Munro, J Ian},
  booktitle={Algorithm Theory--SWAT 2008},
  pages={173--184},
  year={2008},
  publisher={Springer}
}

%%%%%%%%%%%%%%%%%%%%%%%%%%%%%%%%%%%%%%%%%%%%%%%
%%%%%%%%%%%%%%%%%%%%%%%%%%%%%%%%%%%%%%%%%%%%%%%
%%%%%%%%%%%%%%%%%%%%%%%%%%%%%%%%%%%%%%%%%%%%%%%
% Dynamic trees

@inproceedings{Munro,
  title={Representing dynamic binary trees succinctly},
  author={Munro, J Ian and Raman, Venkatesh and Storm, Adam J},
  booktitle={Proceedings of the twelfth annual ACM-SIAM symposium on Discrete algorithms},
  pages={529--536},
  year={2001},
  organization={Society for Industrial and Applied Mathematics}
}

@incollection{Rajeev,
  title={Succinct dynamic dictionaries and trees},
  author={Raman, Rajeev and Rao, Satti Srinivasa},
  booktitle={Automata, Languages and Programming},
  pages={357--368},
  year={2003},
  publisher={Springer}
}

@article{Chan,
  title={Compressed indexes for dynamic text collections},
  author={Chan, Ho-Leung and Hon, Wing-Kai and Lam, Tak-Wah and Sadakane, Kunihiko},
  journal={ACM Transactions on Algorithms (TALG)},
  volume={3},
  number={2},
  pages={21},
  year={2007},
  publisher={ACM}
}

@inproceedings{Arroyuelo,
  title={An improved succinct representation for dynamic k-ary trees},
  author={Arroyuelo, Diego},
  booktitle={Combinatorial Pattern Matching},
  pages={277--289},
  year={2008},
  organization={Springer}
}

@inproceedings{Gog,
  title={Advantages of shared data structures for sequences of balanced parentheses},
  author={Gog, Simon and Fischer, Johannes},
  booktitle={Data Compression Conference (DCC), 2010},
  pages={406--415},
  year={2010},
  organization={IEEE}
}

@inproceedings{Patrascu,
  title={Succincter},
  author={Patrascu, Mihai},
  booktitle={Foundations of Computer Science, 2008. FOCS'08. IEEE 49th Annual IEEE Symposium on},
  pages={305--313},
  year={2008},
  organization={IEEE}
}