@book{latex,
  title = {LaTeX : A Documentation Preparation System User's Guide and Reference Manual},
  publisher = {Addison-Wesley Professional},
  year = {1994},
  author = {Leslie Lamport}
}
@misc{gmf,
author = {Bouchet, Stephane},
title = {Graphical Modeling Framework tutorial},
  howpublished = {\url{http://wiki.eclipse.org/Graphical_Modeling_Framework/Tutorial/Part_1}},
  note = {Accessed: 2015-10-10}
}

@misc{iso1,
author = {Weisstein, Eric W},
title = {Isomorphic Graphs From MathWorld--A Wolfram Web Resource},
  howpublished = {\url{http://mathworld.wolfram.com/IsomorphicGraphs.html}},
  note = {Accessed: 2015-10-10}
}

@misc{iso2,
author = { D. McKay, Brendan },
title = {Practical Graph Isomorphism},
  howpublished = {\url{http://users.cecs.anu.edu.au/~bdm/nauty/PGI/}},
  note = {Accessed: 2015-10-10}
}

@misc{iso3,
author = {kun, Jeremy},
title = {A Quasipolynomial Time Algorithm for Graph Isomorphism: The Details},
  howpublished = {\url{http://jeremykun.com/2015/11/12/a-quasipolynomial-time-algorithm-for-graph-isomorphism-the-details//}},
  note = {Accessed: 2015-10-10}
}

@misc{ric,
author = {Apodaca, Rich },
title = {One of These Things is Not Like The Others},
  howpublished = {\url{http://depth-first.com/articles/2008/11/13/one-of-these-things-is-not-like-the-other/}},
  note = {Accessed: 2015-12-10}
}

@misc{vf2,
author = { Cordella, L. P},
title = {An Improved Algorithm for Matching Large Graphs},
  howpublished = {\url{http://citeseerx.ist.psu.edu/viewdoc/download?doi=10.1.1.101.5342&rep=rep1&type=pdf}},
  note = {Accessed: 2015-10-10}
}

@misc{grgen,
author = {Grgen developers},
title = {GrGen.NET: transformation of structures made easy},
  howpublished = {http://www.info.uni-karlsruhe.de/software/grgen/}},
  note = {Accessed: 2015-10-10}
}

@article{noc,
  author = 	"lavanya",
  title =	"The link state routing Algorithm for an Interconnection Networks in NoC",
  journal =	"{ International Journal for Trends in Engineering and Technology (IJTET Journal)}", 
  month = 	"April",
  year = 	2015
}

