@book{latex,
  title = {LaTeX : A Documentation Preparation System User's Guide and Reference Manual},
  publisher = {Addison-Wesley Professional},
  year = {1994},
  author = {Leslie Lamport}
}

@thesis{haecker,
author = {Haecker, Robert},
title = {Design of an OC-based Method for efficient Synchronization of L4 Fiasco.OC Mircrokernel Tasks},
type = {Bacherlor Thesis},
 institution =  {Technische Universität München},
 date = {2015},
}


@thesis{hauner,
author = {Hauner, Valentin},
title = {Extension of the Fiasco.OC microkernel with context-sensitive
scheduling abilities for safety-critical applications in embedded systems},
  type = {Bacherlor Thesis},
 institution =  {Technische Universität München},
 year = 2014,
}

@thesis{paul,
author = {Nieleck, Paul},
title = {Design and Prototypical Implementation of an OC-based Controller-Stack for Optimizing Mixed-Critical Thread Scheduling in L4 Fiasco.OC/Genode},
  type = {Master's Thesis},
 institution =  {Technische Universität München},
 year = 2016,
}

@inproceedings{kia4sm,
author = {Eckl, Sebastian and Krefft,Daniel and Baumgarten, Uwe},
title = {COFAT 2015 - KIA4SM - Cooperative Integration Architecture for
Future Smart Mobility Solutions},
booktitle = {Conference
on Future Automotive Technology},
date = {2015},
}

@book{genodebook,
author = {Feske, Norman},
title = {GENODE
Operating System Framework 15.05},
date = {2015},
publisher = {CC-BY-SA},
}

@thesis{stein,
author = {Steinberg, Udo},
title = {Quality-Assuring Scheduling in the Fiasco Microkernel},
  type = {Diploma Thesis},
 institution = {Technische Universität Dresden},
 date = {2004},
}

@online{foc_feat,
author = {OS group, TUD},
title = {Fiasco features},
url = {https://os.inf.tu-dresden.de/fiasco/features.html},
note =         {[[Accessed: 22-October-2016]]}
}


@online{foc_pdf,
author = {OS group, TUD},
title = {Fiasco.OC},
url = {http://os.inf.tu-dresden.de/Studium/MkK/SS2012/08_fiasco.oc.pdf},
note =         {[Accessed: 22-October-2016]}
}

@online{whatisrcu,
author = {McKenney, Paul E and Walpole, Jonathon},
title = {What is RCU, Fundamentally?},
date = {2007},
url = {https://lwn.net/Articles/262464/},
note =         {[Accessed: 22-October-2016]}
}

@online{git_synccode,
author = {Chandrasekhara, Gurusiddesha},
title = {genode-Synchronization},
date = {2016},
url = {https://github.com/702nADOS/genode-Synchronization},
note =         {[Source code of thesis]}
}

%STM KIT
@article{pankratius2014software,
  title={Software engineering with transactional memory versus locks in practice},
  author={Pankratius, Victor and Adl-Tabatabai, Ali-Reza},
  journal={Theory of Computing Systems},
  volume={55},
  number={3},
  pages={555--590},
  year={2014},
  publisher={Springer}
}

%STM TUD
@inproceedings{hohmuth2001pragmatic,
  title={Pragmatic Nonblocking Synchronization for Real-Time Systems.},
  author={Hohmuth, Michael and H{\"a}rtig, Hermann},
  booktitle={USENIX Annual Technical Conference, General Track},
  pages={217--230},
  year={2001}
}

@inproceedings{zyulkyarov2009atomic,
  title={Atomic quake: using transactional memory in an interactive multiplayer game server},
  author={Zyulkyarov, Ferad and Gajinov, Vladimir and Unsal, Osman S and Cristal, Adri{\'a}n and Ayguad{\'e}, Eduard and Harris, Tim and Valero, Mateo},
  booktitle={ACM Sigplan Notices},
  volume={44},
  number={4},
  pages={25--34},
  year={2009},
  organization={ACM}
}

@inproceedings{mckenney1998read,
  title={Read-copy update: Using execution history to solve concurrency problems},
  author={McKenney, Paul E and Slingwine, John D},
  booktitle={Parallel and Distributed Computing and Systems},
  pages={509--518},
  year={1998}
}

@inproceedings{sarma2004making,
  title={Making RCU safe for deep sub-millisecond response realtime applications},
  author={Sarma, Dipankar and McKenney, Paul E},
  booktitle={Proceedings of the 2004 USENIX Annual Technical Conference (FREENIX Track)},
  pages={182--191},
  year={2004}
}